<?xml version="1.0" encoding="UTF-8"?><collection xmlns="http://www.loc.gov/MARC21/slim"><record><leader>00629nam--2200181-i-4500</leader><controlfield tag="001">000004201</controlfield><controlfield tag="002">20161230</controlfield><controlfield tag="005">20170210000056</controlfield><controlfield tag="008">060222s1000------------r-----000-0-eng-d</controlfield><datafield ind1=" " ind2=" " tag="040"><subfield code="a">IFIN-HH</subfield></datafield><datafield ind1=" " ind2=" " tag="080"><subfield code="a">539.17.015</subfield></datafield><datafield ind1="1" ind2=" " tag="100"><subfield code="a">Karlsson, E</subfield></datafield><datafield ind1="1" ind2="0" tag="245"><subfield code="a">Perturbed angular correlations</subfield><subfield code="b">Supplemented by proceedings of the Uppsala meeting on extranuclear perturbations in angular correlations May 27-20, 1963</subfield><subfield code="c">E. Karlsson, E. Matthias, K. Siegbahn (eds.)</subfield></datafield><datafield ind1=" " ind2=" " tag="260"><subfield code="a">Amsterdam</subfield><subfield code="b">North Holland Publishing Company</subfield><subfield code="c">1964</subfield></datafield><datafield ind1=" " ind2=" " tag="300"><subfield code="a">466 p</subfield></datafield><datafield ind1="1" ind2=" " tag="700"><subfield code="a">Siegbahn, Kai</subfield></datafield><datafield ind1=" " ind2=" " tag="852"><subfield code="a">13872</subfield><subfield code="c">539.17</subfield></datafield><datafield ind1=" " ind2=" " tag="CAT"><subfield code="a">SYS</subfield><subfield code="c">20170210</subfield><subfield code="h">000056</subfield></datafield></record></collection>